@MISC{nasa,
title = "NASA Horizons",
howpublished = "\url{http://ssd.jpl.nasa.gov/horizons.cgi}"
}

@MISC{Github,
title = "GitHub repository",
howpublished = "\url{https://github.com/simennb/fys4150-project-5}"
}

@MISC{Euler,
title = "Euler method",
howpublished = "\url{https://en.wikipedia.org/wiki/Euler_method}"
}

@MISC{Newton,
title = "Newton's laws of motion",
howpublished = "\url{https://en.wikipedia.org/wiki/Newton%27s_laws_of_motion}"
}

@MISC{Perihelion,
title = "Perihelion precession",
howpublished = "\url{https://en.wikipedia.org/wiki/Apsidal_precession}"
}